@book{CEx,
	author = {Lynn Arthur Steen and J. Arthur Seebach Jr.},
	title = {Counterexamples in Topology},
	publisher = {Springer-Verlag},
	year = {1970}}

@book{Top,
	author = {Klaus JÃ¤nich},
	title = {Topologie},
	publisher = {Springer-Verlag},
	year = {1987}}
@book{Top2,
	author = {James R. Munkres},
	title = {Topology},
	publisher = {Pearson College Div},
	year = {2000}}


